<?xml version="1.0" encoding="UTF-8"?><collection xmlns="http://www.loc.gov/MARC21/slim"><record><leader>00451nam--2200145-i-4500</leader><controlfield tag="001">000008214</controlfield><controlfield tag="002">20161230</controlfield><controlfield tag="005">20170304200317</controlfield><controlfield tag="008">060222s1000------------r-----000-0-eng-d</controlfield><datafield ind1=" " ind2=" " tag="100"><subfield code="a">Ballay, Charles</subfield></datafield><datafield ind1=" " ind2=" " tag="245"><subfield code="a">Equipment des laboratoires de recherche. Travaux de la commission no.23 construction et equipment des laboratoires</subfield></datafield><datafield ind1=" " ind2=" " tag="260"><subfield code="a">Paris</subfield><subfield code="b">Editions Eyrolles</subfield><subfield code="c">1965</subfield></datafield><datafield ind1=" " ind2=" " tag="300"><subfield code="a">100 p</subfield></datafield><datafield ind1=" " ind2=" " tag="700"><subfield code="a">Thieffin, Henri</subfield></datafield><datafield ind1=" " ind2=" " tag="CAT"><subfield code="a">SYS</subfield><subfield code="c">20170304</subfield><subfield code="h">200317</subfield></datafield></record></collection>